@InProceedings{Spoto19,
  author = 	 {Spoto, F.},
  title = 	 {A {J}ava {F}ramework for {S}mart {C}ontracts},
  booktitle =    {Proc.\ of the 3rd Workshop on Trusted Smart Contracts},
  dates =        {February 22},
  year = 	 {2019},
  address =      {St.\ Kitts},
  series =       {Lecture Notes in Computer Science},
  volume =       {11599}
}

@Misc{bcel,
  title =        {{BCEL}},
  howpublished = {\url{https://commons.apache.org/proper/commons-bcel}},
  month =        {December},
  year =         {2017}
}

@Unpublished{Nakamoto08,
  author =       {Nakamoto, S.},
  title =        {Bitcoin: {A} {P}eer-to-{P}eer {E}lectronic {C}ash {S}ystem},
  note =         {\url{https://bitcoin.org/bitcoin.pdf}},
  month =        {October},
  year =         {2008}
}

@Book{Antonopoulos17,
  author =       {Antonopoulos, A.~M.},
  title =        {Mastering {B}itcoin: {P}rogramming the {O}pen {B}lockchain},
  publisher =    {Oreilly \& Associates Inc},
  year =         {2017},
  edition =      {2nd},
  month =        {June}
}

@Book{AntonopoulosW18,
  author =       {Antonopoulos, A.~M. and Wood, G.},
  title =        {Mastering {E}thereum: {B}uilding {S}mart {C}ontracts and {D}apps},
  publisher =    {Oreilly \& Associates Inc},
  year =         {2018},
  edition =      {1st},
  month =        {November}
}
